%% Created using Papers on Thu, 26 Feb 2015.
%% http://papersapp.com/papers/

@webpage{Solovey:2015ux,
author = {Solovey, Ed},
title = {{Handling five billion sessions a day -- in real time}},
year = {2015},
month = feb,
url = {https://blog.twitter.com/2015/handling-five-billion-sessions-a-day-in-real-time}
}

@article{Anonymous:Jj3E6x7v,
author = {Dean, Jeffrey and Ghemawat, Sanjay},
title = {{MapReduce: Simplified Data Processing on Large Clusters}},
year = {2015},
pages = {1--13},
month = jan
}

@article{Anonymous:2014bl,
title = {{Optimization Techniques for ``Scaling Down'' Hadoop on Multi-Core, Shared-Memory Systems}},
year = {2014},
pages = {1--12},
month = mar
}

@webpage{Anonymous:eikzOt4-,
title = {{Companies Using Apache Storm}},
url = {https://storm.apache.org/documentation/Powered-By.html}
}

